@inproceedings{10.1145/22145.22178, author = {Goldwasser, S and Micali, S and Rackoff, C}, title = {The Knowledge Complexity of Interactive Proof-Systems}, year = {1985}, isbn = {0897911512}, publisher = {Association for Computing Machinery}, address = {New York, NY, USA}, url = {https://doi.org/10.1145/22145.22178}, doi = {10.1145/22145.22178}, booktitle = {Proceedings of the Seventeenth Annual ACM Symposium on Theory of Computing}, pages = {291–304}, numpages = {14}, location = {Providence, Rhode Island, USA}, series = {STOC ’85} }

