@inproceedings{camenisch2002design,
  title={Design and implementation of the idemix anonymous credential system},
  author={Camenisch, Jan and Van Herreweghen, Els},
  booktitle={Proceedings of the 9th ACM Conference on Computer and Communications Security},
  pages={21--30},
  year={2002}
}

@article{goldwasser1989knowledge,
  title={The knowledge complexity of interactive proof systems},
  author={Goldwasser, Shafi and Micali, Silvio and Rackoff, Charles},
  journal={SIAM Journal on computing},
  volume={18},
  number={1},
  pages={186--208},
  year={1989},
  publisher={SIAM}
}

@article{aboba2004extensible,
  title={Extensible authentication protocol (EAP)},
  author={Aboba, Bernard and Blunk, Larry and Vollbrecht, John and Carlson, James and Levkowetz, Henrik and others},
  year={2004},
  publisher={RFC 3748, June}
}