@InProceedings{10.1007/0-387-34805-0_60,
author="Quisquater, Jean-Jacques
and Quisquater, Myriam
and Quisquater, Muriel
and Quisquater, Micha{\"e}l
and Guillou, Louis
and Guillou, Marie Annick
and Guillou, Ga{\"i}d
and Guillou, Anna
and Guillou, Gwenol{\'e}
and Guillou, Soazig",
editor="Brassard, Gilles",
title="How to Explain Zero-Knowledge Protocols to Your Children",
booktitle="Advances in Cryptology --- CRYPTO' 89 Proceedings",
year="1990",
publisher="Springer New York",
address="New York, NY",
pages="628--631",
abstract="Know, oh my children, that very long ago, in the Eastern city of Baghdad, there lived an old man named Ali Baba. Every day Ali Baba would go to the bazaar to buy or sell things. This is a story which is partly about Ali Baba, and partly also about a cave, a strange cave whose secret and wonder exist to this day. But I get ahead of myself ...",
isbn="978-0-387-34805-6"
}

