@book{andrews1994number,
  title={Number Theory},
  author={Andrews, G.E.},
  isbn={9780486682525},
  lccn={lc94005243},
  series={Dover Books on Mathematics},
  url={https://books.google.si/books?id=eVwvvwZeBf4C},
  year={1994},
  publisher={Dover Publications}
}
